<?xml version="1.0" encoding="UTF-8"?>
<collection xmlns:xsi="http://www.w3.org/2001/XMLSchema-instance" xsi:schemaLocation="http://www.loc.gov/MARC21/slim http://www.loc.gov/standards/marcxml/schema/MARC21slim.xsd" xmlns="http://www.loc.gov/MARC21/slim">
<record>
  <leader>00936cam a2200289M  4500</leader>
  <controlfield tag="001">2975829</controlfield>
  <controlfield tag="003">NNC</controlfield>
  <controlfield tag="005">20150708150820.0</controlfield>
  <controlfield tag="008">830919m19551972ua            000 0 ara  </controlfield>
  <datafield tag="010" ind1=" " ind2=" ">
    <subfield code="a">ne 65001353 </subfield>
  </datafield>
  <datafield tag="035" ind1=" " ind2=" ">
    <subfield code="a">(OCoLC)ocm23506182</subfield>
  </datafield>
  <datafield tag="035" ind1=" " ind2=" ">
    <subfield code="9">ASM2837CU</subfield>
  </datafield>
  <datafield tag="040" ind1=" " ind2=" ">
    <subfield code="a">DLC</subfield>
    <subfield code="c">EYM</subfield>
    <subfield code="d">ZCU</subfield>
  </datafield>
  <datafield tag="041" ind1="0" ind2=" ">
    <subfield code="a">aracop</subfield>
  </datafield>
  <datafield tag="050" ind1=" " ind2="4">
    <subfield code="a">PJ2035</subfield>
    <subfield code="b">.I14</subfield>
  </datafield>
  <datafield tag="090" ind1=" " ind2=" ">
    <subfield code="a">PJ2035</subfield>
    <subfield code="b">.I2</subfield>
  </datafield>
  <datafield tag="100" ind1="1" ind2=" ">
    <subfield code="a">Ibrāhīm, Ayyūb Faraj.</subfield>
  </datafield>
  <datafield tag="245" ind1="1" ind2="0">
    <subfield code="a">Pī nūb</subfield>
    <subfield code="b">(al-dhahab) li-taʻlīm al-lughah al-Qibṭīyah bi-dūn muʻallim.</subfield>
  </datafield>
  <datafield tag="250" ind1=" " ind2=" ">
    <subfield code="a">Ṭabʻah thānīyah munaqqaḥah.</subfield>
  </datafield>
  <datafield tag="260" ind1=" " ind2=" ">
    <subfield code="a">al-Qāhirah</subfield>
    <subfield code="b">Maṭābiʻ al-Maʻhad al-Qibṭī al-Khayrī</subfield>
    <subfield code="c">1955-72</subfield>
  </datafield>
  <datafield tag="300" ind1=" " ind2=" ">
    <subfield code="a">4 v. in 3.</subfield>
    <subfield code="c">20-24 cm.</subfield>
  </datafield>
  <datafield tag="500" ind1=" " ind2=" ">
    <subfield code="a">Title in Coptic at head of title.</subfield>
  </datafield>
  <datafield tag="500" ind1=" " ind2=" ">
    <subfield code="a">Vol. 2-4: al-Ṭabʻah 1.</subfield>
  </datafield>
  <datafield tag="500" ind1=" " ind2=" ">
    <subfield code="a">Arabic and Coptic.</subfield>
  </datafield>
  <datafield tag="500" ind1=" " ind2=" ">
    <subfield code="a">Includes bibliographies.</subfield>
  </datafield>
  <datafield tag="650" ind1=" " ind2="0">
    <subfield code="a">Coptic language</subfield>
    <subfield code="v">Textbooks for foreign speakers</subfield>
    <subfield code="x">Arabic.</subfield>
  </datafield>
  <datafield tag="955" ind1=" " ind2=" ">
    <subfield code="b">0036759678</subfield>
    <subfield code="d">glx</subfield>
    <subfield code="e">PJ2035 .I2</subfield>
    <subfield code="v">v.1</subfield>
  </datafield>
</record>
</collection>